@Book{xie2015,
  title = {Dynamic Documents with {R} and knitr},
  author = {Yihui Xie},
  publisher = {Chapman and Hall/CRC},
  address = {Boca Raton, Florida},
  year = {2015},
  edition = {2nd},
  note = {ISBN 978-1498716963},
  url = {http://yihui.name/knitr/},
}

@article{cohen1988statistical,
  title={Statistical power analysis for the behavioral sciences. Lawrence Erlbaum Associates},
  author={Cohen, Jacob},
  journal={Hillsdale, NJ},
  pages={20--26},
  year={1988}
}

@book{hedges2014statistical,
  title={Statistical methods for meta-analysis},
  author={Hedges, Larry V and Olkin, Ingram},
  year={2014},
  publisher={Academic press}
}

@misc{levene1960robust,
  title={Robust Tests for Equality of Variances. Contributions to Probability and Statistics (1960)},
  author={Levene, Howard},
  year={1960}
}

@inproceedings{cohen1992quantitative,
  title={Quantitative methods in psychology: A power primer},
  author={Cohen, Jacob},
  booktitle={Psychological bulletin},
  year={1992},
  organization={Citeseer}
}

@article{tomczak2014need,
  title={The need to report effect size estimates revisited. An overview of some recommended measures of effect size},
  author={Tomczak, Maciej and Tomczak, Ewa},
  journal={Trends in sport sciences},
  volume={1},
  number={21},
  pages={19--25},
  year={2014}
}

@book{ellis2010essential,
  title={The essential guide to effect sizes: Statistical power, meta-analysis, and the interpretation of research results},
  author={Ellis, Paul D},
  year={2010},
  publisher={Cambridge university press}
}